<?xml version="1.0" encoding="UTF-8"?><record xmlns="http://www.loc.gov/MARC21/slim" xmlns:cinclude="http://apache.org/cocoon/include/1.0" xmlns:zs="http://www.loc.gov/zing/srw/">
  <leader>00791cz  a2200181n  4500</leader>
  <controlfield tag="001">no 90001940 </controlfield>
  <controlfield tag="003">DLC</controlfield>
  <controlfield tag="005">20000707064700.0</controlfield>
  <controlfield tag="008">900124n| acannaabn          |a aaa     c</controlfield>
  <datafield tag="010" ind1=" " ind2=" ">
    <subfield code="a">no 90001940 </subfield>
  </datafield>
  <datafield tag="035" ind1=" " ind2=" ">
    <subfield code="a">(OCoLC)oca02688078</subfield>
  </datafield>
  <datafield tag="040" ind1=" " ind2=" ">
    <subfield code="a">MdU</subfield>
    <subfield code="b">eng</subfield>
    <subfield code="c">MdU</subfield>
    <subfield code="d">OCoLC</subfield>
  </datafield>
  <datafield tag="100" ind1="1" ind2=" ">
    <subfield code="a">Moura Coutinho, J. J. d'A.</subfield>
    <subfield code="q">(José Joaquim d'Almeida),</subfield>
    <subfield code="d">1799-1861</subfield>
  </datafield>
  <datafield tag="400" ind1="1" ind2=" ">
    <subfield code="a">Moura Coutinho, José Joaquim d'Almeida,</subfield>
    <subfield code="d">1799-1861</subfield>
  </datafield>
  <datafield tag="400" ind1="1" ind2=" ">
    <subfield code="a">Coutinho, J. J. d'A. Moura</subfield>
    <subfield code="q">(José Joaquim d'Almeida Moura),</subfield>
    <subfield code="d">1799-1861</subfield>
  </datafield>
  <datafield tag="400" ind1="1" ind2=" ">
    <subfield code="a">Almeida Moura Coutinho, José Joaquim d',</subfield>
    <subfield code="d">1799-1861</subfield>
  </datafield>
  <datafield tag="670" ind1=" " ind2=" ">
    <subfield code="a">His Exame do direito com que na alfandega da cidade do Porto ... 1849:</subfield>
    <subfield code="b">t.p. (J.J. d'A. Moura Coutinho, lavrador do Alto Douro)</subfield>
  </datafield>
  <datafield tag="670" ind1=" " ind2=" ">
    <subfield code="a">NUC pre-56</subfield>
    <subfield code="b">(Moura Coutinho, José Joaquim de Almeida de, 1799-1861)</subfield>
  </datafield>
</record>